<?xml version="1.0" encoding="UTF-8"?><collection xmlns="http://www.loc.gov/MARC21/slim"><record><leader>00595nam--2200181-i-4500</leader><controlfield tag="001">000027192</controlfield><controlfield tag="002">20161230</controlfield><controlfield tag="005">20161230201036</controlfield><controlfield tag="008">060222s1000------------r-----000-0-eng-d</controlfield><datafield ind1=" " ind2=" " tag="080"><subfield code="a">519.237</subfield></datafield><datafield ind1="1" ind2=" " tag="100"><subfield code="a">Galambos, Janos</subfield></datafield><datafield ind1="1" ind2="0" tag="245"><subfield code="a">Characterizations of probability distributions</subfield><subfield code="b">A unified approach with and emphasis on exponential and related models</subfield><subfield code="c">Janos Galambos ; Samuel Kotz</subfield></datafield><datafield ind1=" " ind2=" " tag="260"><subfield code="a">Berlin, Springer-verlag, 1978</subfield></datafield><datafield ind1=" " ind2=" " tag="300"><subfield code="a">VIII + 169P</subfield></datafield><datafield ind1=" " ind2=" " tag="490"><subfield code="a">Lecture Notes In Mathematics</subfield><subfield code="v">Vol. 675</subfield></datafield><datafield ind1="0" ind2=" " tag="700"><subfield code="a">Kotz, Samuel</subfield></datafield><datafield ind1=" " ind2=" " tag="852"><subfield code="a">46890</subfield><subfield code="c">519.2</subfield></datafield><datafield ind1=" " ind2=" " tag="CAT"><subfield code="a">Sys</subfield><subfield code="c">20100607</subfield><subfield code="h">085128</subfield></datafield></record></collection>